@inproceedings{dataset,
author = {Goldhahn, Dirk and Eckart, Thomas and Quasthoff, Uwe},
year = {2012},
month = {05},
pages = {},
title = {Building Large Monolingual Dictionaries at the Leipzig Corpora Collection: From 100 to 200 Languages}
}
